<?xml version = "1.0" encoding = "UTF-8"?><OAI-PMH xmlns="http://www.openarchives.org/OAI/2.0/" xmlns:xsi="http://www.w3.org/2001/XMLSchema-instance" xsi:schemaLocation="http://www.openarchives.org/OAI/2.0/ http://www.openarchives.org/OAI/2.0/OAI-PMH.xsd"><ListRecords><record><header><identifier>aleph-publish:007654019</identifier></header><metadata><record xmlns="http://www.ddb.de/professionell/mabxml/mabxml-1.xsd"><leader>00396vM2.01200024------u</leader><controlfield tag="LDR">00396vM2.01200024------u</controlfield><controlfield tag="FMT">MU</controlfield><datafield tag="001" ind1="-" ind2="1"><subfield code="a">HT001530298</subfield></datafield><datafield tag="001" ind1="-" ind2="2"><subfield code="a">HT003791559</subfield></datafield><datafield tag="002" ind1="a" ind2="1"><subfield code="a">19950801</subfield></datafield><datafield tag="002" ind1="a" ind2="2"><subfield code="a">19970924</subfield></datafield><datafield tag="003" ind1="-" ind2="2"><subfield code="a">20151216</subfield></datafield><datafield tag="010" ind1="-" ind2="1"><subfield code="a">HT003791559</subfield></datafield><datafield tag="026" ind1="-" ind2="2"><subfield code="a">HBZHT003791559</subfield></datafield><controlfield tag="030">a|1uc||||||||</controlfield><datafield tag="036" ind1="a" ind2="2"><subfield code="a">DD</subfield></datafield><datafield tag="037" ind1="b" ind2="2"><subfield code="a">ger</subfield></datafield><datafield tag="070" ind1="-" ind2="1"><subfield code="a">HBZ/Red</subfield></datafield><datafield tag="070" ind1="-" ind2="2"><subfield code="a">292</subfield></datafield><datafield tag="070" ind1="b" ind2="2"><subfield code="a">38/427</subfield></datafield><datafield tag="080" ind1="-" ind2="1"><subfield code="a">60</subfield></datafield><datafield tag="080" ind1="-" ind2="2"><subfield code="a">60</subfield></datafield><controlfield tag="089">Bd. 1, Wirbellose</controlfield><datafield tag="090" ind1="-" ind2="1"><subfield code="a">1,1</subfield></datafield><datafield tag="100" ind1="b" ind2="2"><subfield code="p">Kaestner, Alfred</subfield><subfield code="d">1901-1971</subfield><subfield code="b">[Begr.]</subfield><subfield code="9">(DE-588)129110833</subfield></datafield><datafield tag="101" ind1="-" ind2="2"><subfield code="p">Kästner, Alfred</subfield><subfield code="d">1901-1971</subfield></datafield><datafield tag="101" ind1="-" ind2="2"><subfield code="p">Kaestner, A.</subfield><subfield code="d">1901-1971</subfield></datafield><datafield tag="104" ind1="b" ind2="2"><subfield code="p">Fiedler, Kurt</subfield><subfield code="9">(DE-588)101263996</subfield></datafield><datafield tag="108" ind1="b" ind2="2"><subfield code="p">Wetzel, Arno</subfield><subfield code="9">(DE-588)177938315</subfield></datafield><datafield tag="112" ind1="b" ind2="2"><subfield code="p">Gruner, Hans-Eckhard</subfield><subfield code="9">(DE-588)104965770</subfield></datafield><datafield tag="331" ind1="-" ind2="1"><subfield code="a">Protozoa, Mesozoa, Parazoa, Coelenterata, Protostomina ohne Arthropoda</subfield></datafield><datafield tag="331" ind1="-" ind2="2"><subfield code="a">Lehrbuch der speziellen Zoologie</subfield></datafield><datafield tag="359" ind1="-" ind2="2"><subfield code="a">[begr. von Alfred Kaestner]</subfield></datafield><datafield tag="403" ind1="-" ind2="1"><subfield code="a">Unveränd. photomechan. Nachdr. der 1954/55 erschienenen 1. Aufl. mit einigen Berichtigungen und Ergänzungen</subfield></datafield><datafield tag="410" ind1="-" ind2="2"><subfield code="a">Jena</subfield></datafield><datafield tag="412" ind1="-" ind2="2"><subfield code="a">Fischer</subfield></datafield><datafield tag="425" ind1="b" ind2="2"><subfield code="a">1954</subfield></datafield><datafield tag="425" ind1="a" ind2="1"><subfield code="a">1960</subfield></datafield><datafield tag="433" ind1="-" ind2="1"><subfield code="a">XIV, 478 S. : zahlr. Ill.</subfield></datafield><datafield tag="511" ind1="-" ind2="2"><subfield code="p">Verl.-Ort später</subfield><subfield code="a">Jena [u.a.]. - Später ersch. bei Spektrum Akad. Verl., Heidelberg [u.a.]</subfield></datafield><datafield tag="533" ind1="-" ind2="2"><subfield code="p">Titel von Bd. 1 ab 4. Aufl.</subfield><subfield code="a">Wirbellose Tiere</subfield></datafield><datafield tag="540" ind1="a" ind2="2"><subfield code="a">3-334-00339-6</subfield></datafield><datafield tag="540" ind1="a" ind2="2"><subfield code="a">3-334-61000-4</subfield></datafield><datafield tag="700" ind1="l" ind2="2"><subfield code="a">780</subfield></datafield><datafield tag="700" ind1="l" ind2="2"><subfield code="a">794</subfield></datafield><datafield tag="711" ind1="a" ind2="2"><subfield code="a">Zoology</subfield><subfield code="x">MeSH</subfield></datafield><datafield tag="902" ind1="-" ind2="2"><subfield code="s">Spezielle Zoologie</subfield><subfield code="9">(DE-588)4116565-2</subfield></datafield><controlfield tag="SYS">007654019</controlfield><datafield tag="952" ind1="-" ind2="2"><subfield code="s">Systematische Zoologie</subfield><subfield code="h">Spezielle Zoologie</subfield></datafield><datafield tag="088" ind1=" " ind2=" "><subfield code="a">Kob 7</subfield><subfield code="b">FRHKO</subfield><subfield code="c">BI/O 2002 937-1,1</subfield><subfield code="e">ausleihbar 4 Wo</subfield></datafield></record></metadata></record></ListRecords></OAI-PMH>